@article{bloomWordsChildrenLearn1993,
  title = {The Words Children Learn: {{Evidence}} against a Noun Bias in Early Vocabularies},
  shorttitle = {The Words Children Learn},
  author = {Bloom, Lois and Tinker, Erin and Margulis, Cheryl},
  year = {1993},
  month = oct,
  journal = {Cognitive Development},
  volume = {8},
  number = {4},
  pages = {431--450},
  issn = {0885-2014},
  doi = {10.1016/S0885-2014(05)80003-6},
  urldate = {2025-01-07}
}

@article{caselliCrosslinguisticStudyEarly1995,
  title = {A Cross-Linguistic Study of Early Lexical Development},
  author = {Caselli, Maria Cristina and Bates, Elizabeth and Casadio, Paola and Fenson, Judi and Fenson, Larry and Sanderl, Lisa and Weir, Judy},
  year = {1995},
  month = apr,
  journal = {Cognitive Development},
  volume = {10},
  number = {2},
  pages = {159--199},
  issn = {08852014},
  doi = {10.1016/0885-2014(95)90008-X},
  urldate = {2025-01-07},
  copyright = {https://www.elsevier.com/tdm/userlicense/1.0/},
  langid = {english}
}

@article{chaiExtralinguisticModulationEnglish2021,
  title = {Extra-Linguistic Modulation of the {{English}} Noun-Bias: Evidence from {{Malaysian}} Bilingual Infants and Toddlers},
  shorttitle = {Extra-Linguistic Modulation of the {{English}} Noun-Bias},
  author = {Chai, Jun Ho and Low, Hui Min and Wong, Tze Peng and Onnis, Luca and Mayor, Julien},
  year = {2021},
  month = apr,
  journal = {Journal of Cultural Cognitive Science},
  volume = {5},
  number = {1},
  pages = {49--64},
  issn = {2520-1018},
  doi = {10.1007/s41809-021-00078-5},
  urldate = {2025-01-02},
  langid = {english}
}

@article{choiEarlyAcquisitionVerbs1995,
  title = {Early Acquisition of Verbs in {{Korean}}: A Cross-Linguistic Study},
  shorttitle = {Early Acquisition of Verbs in {{Korean}}},
  author = {Choi, Soonja and Gopnik, Alison},
  year = {1995},
  month = oct,
  journal = {Journal of Child Language},
  volume = {22},
  number = {3},
  pages = {497--529},
  issn = {1469-7602, 0305-0009},
  doi = {10.1017/S0305000900009934},
  urldate = {2025-01-07},
  langid = {english}
}

@article{gentnerWhyNounsAre1982,
  title = {Why Nouns Are Learned before Verbs: {{Linguistic}} Relativity versus Natural Partitioning},
  shorttitle = {Why Nouns Are Learned before Verbs},
  author = {Gentner, Dedre},
  year = {1982},
  journal = {Language},
  volume = {2},
  pages = {301--334},
  issn = {0097-8507}
}

@article{goldfieldNounBiasMaternal1993,
  title = {Noun Bias in Maternal Speech to One-Year-Olds},
  author = {Goldfield, Beverly A.},
  year = {1993},
  month = feb,
  journal = {Journal of Child Language},
  volume = {20},
  number = {1},
  pages = {85--99},
  issn = {1469-7602, 0305-0009},
  doi = {10.1017/S0305000900009132},
  urldate = {2025-01-07},
  langid = {english}
}

@article{goldfieldNounsVerbsComprehension2000,
  title = {Nouns before Verbs in Comprehension vs. Production: The View from Pragmatics},
  shorttitle = {Nouns before Verbs in Comprehension vs. Production},
  author = {Goldfield, Beverly A.},
  year = {2000},
  month = oct,
  journal = {Journal of Child Language},
  volume = {27},
  number = {3},
  pages = {501--520},
  issn = {1469-7602, 0305-0009},
  doi = {10.1017/S0305000900004244},
  urldate = {2025-01-07},
  langid = {english}
}

@article{hoffDualLanguageExposure2012,
  title = {Dual Language Exposure and Early Bilingual Development},
  author = {Hoff, Erika and Core, Cynthia and Place, Silvia and Rumiche, Rosario and Se{\~n}or, Melissa and Parra, Marisol},
  year = {2012},
  month = jan,
  journal = {Journal of Child Language},
  volume = {39},
  number = {1},
  pages = {1--27},
  issn = {0305-0009, 1469-7602},
  doi = {10.1017/S0305000910000759},
  urldate = {2022-02-12},
  langid = {english}
}

@article{hoffWhatExplainsCorrelation2018,
  title = {What {{Explains}} the {{Correlation Between Growth}} in {{Vocabulary}} and {{Grammar}}? {{New Evidence From Latent Change Score Analyses}} of {{Simultaneous Bilingual Development}}.},
  author = {Hoff, Erika and Quinn, Jamie M. and Giguere, David},
  year = {2018},
  month = mar,
  journal = {Developmental science},
  volume = {21},
  number = {2},
  issn = {1363-755X 1467-7687},
  doi = {10.1111/desc.12536},
  langid = {english},
  pmid = {28229511}
}

@article{kimEarlyLexicalDevelopment2000,
  title = {Early Lexical Development in {{English-}} and {{Korean-speaking}} Children: Language-General and Language-Specific Patterns},
  shorttitle = {Early Lexical Development in {{English-}} and {{Korean-speaking}} Children},
  author = {Kim, Mikyong and McGREGOR, Karla K. and Thompson, Cynthia K.},
  year = {2000},
  month = jun,
  journal = {Journal of Child Language},
  volume = {27},
  number = {2},
  pages = {225--254},
  issn = {1469-7602, 0305-0009},
  doi = {10.1017/S0305000900004104},
  urldate = {2025-01-07},
  langid = {english}
}

@article{marchmanLanguagespecificNatureGrammatical2004,
  title = {The Language-Specific Nature of Grammatical Development: Evidence from Bilingual Language Learners},
  shorttitle = {The Language-Specific Nature of Grammatical Development},
  author = {Marchman, Virginia A. and {Martinez-Sussmann}, Carmen and Dale, Philip S.},
  year = {2004},
  month = apr,
  journal = {Developmental Science},
  volume = {7},
  number = {2},
  pages = {212--224},
  issn = {1363-755X, 1467-7687},
  doi = {10.1111/j.1467-7687.2004.00340.x},
  urldate = {2022-02-12},
  langid = {english}
}

@article{mcdonoughImageWorthThousand2011,
  title = {An Image Is Worth a Thousand Words: {{Why}} Nouns Tend to Dominate Verbs in Early Word Learning},
  shorttitle = {An Image Is Worth a Thousand Words},
  author = {McDonough, Colleen and Song, Lulu and Pasek, Kathy Hirsh and Golinkoff, Roberta Michnick and Lannon, Robert},
  year = {2011},
  month = mar,
  journal = {Developmental science},
  volume = {14},
  number = {2},
  pages = {181--189},
  issn = {1363-755X},
  doi = {10.1111/j.1467-7687.2010.00968.x},
  urldate = {2025-01-07},
  pmcid = {PMC3043374},
  pmid = {21359165}
}

@article{nelsonNounsEarlyLexicons1993,
  title = {Nouns in Early Lexicons: Evidence, Explanations and Implications},
  shorttitle = {Nouns in Early Lexicons},
  author = {Nelson, Katherine and Hampson, June and Shaw, Lea Kessler},
  year = {1993},
  month = feb,
  journal = {Journal of Child Language},
  volume = {20},
  number = {1},
  pages = {61--84},
  issn = {1469-7602, 0305-0009},
  doi = {10.1017/S0305000900009120},
  urldate = {2025-01-07},
  langid = {english}
}

@article{sandhoferCountingNounsVerbs2000,
  title = {Counting Nouns and Verbs in the Input: Differential Frequencies, Different Kinds of Learning?},
  shorttitle = {Counting Nouns and Verbs in the Input},
  author = {Sandhofer, Catherine M. and Smith, Linda B. and Luo, Jun},
  year = {2000},
  month = oct,
  journal = {Journal of Child Language},
  volume = {27},
  number = {3},
  pages = {561--585},
  issn = {1469-7602, 0305-0009},
  doi = {10.1017/S0305000900004256},
  urldate = {2025-01-07},
  langid = {english}
}

@article{setohContrastingLexicalBiases2021,
  title = {Contrasting Lexical Biases in Bilingual {{English}}--{{Mandarin}} Speech: {{Verb-biased}} Mothers, but Noun-Biased Toddlers},
  shorttitle = {Contrasting Lexical Biases in Bilingual {{English}}--{{Mandarin}} Speech},
  author = {Setoh, Peipei and Cheng, Michelle and Bornstein, Marc H. and Esposito, Gianluca},
  year = {2021},
  month = nov,
  journal = {Journal of Child Language},
  volume = {48},
  number = {6},
  pages = {1185--1208},
  issn = {0305-0009, 1469-7602},
  doi = {10.1017/S0305000920000720},
  urldate = {2025-01-07},
  langid = {english}
}

@article{tardifCaregiverSpeechChildrens1997,
  title = {Caregiver Speech and Children's Use of Nouns versus Verbs: {{A}} Comparison of {{English}}, {{Italian}}, and {{Mandarin}}},
  shorttitle = {Caregiver Speech and Children's Use of Nouns versus Verbs},
  author = {Tardif, Twila and Shatz, Marilyn and Naigles, Letitia},
  year = {1997},
  month = oct,
  journal = {Journal of Child Language},
  volume = {24},
  number = {3},
  pages = {535--565},
  issn = {1469-7602, 0305-0009},
  doi = {10.1017/S030500099700319X},
  urldate = {2025-01-07},
  langid = {english}
}

@article{tardifNounsAreNot1996,
  title = {Nouns {{Are Not Always Learned Before Verbs}}: {{Evidence From Mandarin Speakers}}' {{Early Vocabularies}}},
  author = {Tardif, Twila},
  year = {1996},
  journal = {Developmental Psychology},
  volume = {32},
  number = {3},
  pages = {492--504},
  doi = {10.1037/0012-1649.32.3.492},
  langid = {english}
}

@article{tardifPuttingNounBias1999,
  title = {Putting the "{{Noun Bias}}" in {{Context}}: {{A Comparison}} of {{English}} and {{Mandarin}}},
  shorttitle = {Putting the "{{Noun Bias}}" in {{Context}}},
  author = {Tardif, Twila and Gelman, Susan A. and Xu, Fan},
  year = {1999},
  journal = {Child Development},
  volume = {70},
  number = {3},
  eprint = {1132149},
  eprinttype = {jstor},
  pages = {620--635},
  publisher = {[Wiley, Society for Research in Child Development]},
  issn = {0009-3920},
  urldate = {2025-01-07}
}

@article{waxmanAreNounsLearned2013,
  title = {Are {{Nouns Learned Before Verbs}}? {{Infants Provide Insight}} into a {{Longstanding Debate}}},
  shorttitle = {Are {{Nouns Learned Before Verbs}}?},
  author = {Waxman, Sandra R. and Fu, Xiaolan and Arunachalam, Sudha and Leddon, Erin and Geraghty, Kathleen and Song, Hyun-joo},
  year = {2013},
  month = sep,
  journal = {Child development perspectives},
  volume = {7},
  number = {3},
  pages = {10.1111/cdep.12032},
  issn = {1750-8592},
  doi = {10.1111/cdep.12032},
  urldate = {2025-01-07},
  pmcid = {PMC3821773},
  pmid = {24223064}
}

@article{xuanLanguagespecificNounBias2013,
  title = {Language-Specific Noun Bias: Evidence from Bilingual Children},
  shorttitle = {Language-Specific Noun Bias},
  author = {Xuan, Lei and Dollaghan, Christine},
  year = {2013},
  month = nov,
  journal = {Journal of Child Language},
  volume = {40},
  number = {5},
  pages = {1057--1075},
  issn = {0305-0009, 1469-7602},
  doi = {10.1017/S0305000912000529},
  urldate = {2022-02-12},
  langid = {english}
}

@article{benjaminiControllingFalseDiscovery1995,
  title = {Controlling the {{False Discovery Rate}}: {{A Practical}} and {{Powerful Approach}} to {{Multiple Testing}}},
  shorttitle = {Controlling the {{False Discovery Rate}}},
  author = {Benjamini, Yoav and Hochberg, Yosef},
  year = {1995},
  month = jan,
  journal = {Journal of the Royal Statistical Society: Series B (Methodological)},
  volume = {57},
  number = {1},
  pages = {289--300},
  issn = {0035-9246},
  doi = {10.1111/j.2517-6161.1995.tb02031.x},
  urldate = {2025-01-02}
}

@manual{braginskyWordbankrAccessingWordbank2022,
  type = {Manual},
  title = {Wordbankr: {{Accessing}} the Wordbank Database},
  author = {Braginsky, Mika},
  year = {2022}
}

@book{fensonMacArthurBatesCommunicativeDevelopment2007,
  title = {{{MacArthur-Bates Communicative Development Inventories}}: {{User}}'s {{Guide}} and {{Technical Manual}}},
  shorttitle = {{{MacArthur-Bates Communicative Development Inventories}}},
  author = {Fenson, Larry and Marchman, Virginia A. and Thal, Donna J. and Dale, Philip S. and Reznick, J. Steven and Bates, Elizabeth},
  year = {2007},
  publisher = {Paul H. Brookes Publishing Company},
  isbn = {978-1-55766-884-4},
  langid = {english}
}

@article{fortinAppliedComparisonLargescale2021,
  title = {Applied Comparison of Large-scale Propensity Score Matching and Cardinality Matching for Causal Inference in Observational Research},
  author = {Fortin, Stephen P. and Johnston, Stephen S. and Schuemie, Martijn J.},
  year = {2021},
  month = may,
  journal = {BMC Medical Research Methodology},
  volume = {21},
  number = {1},
  pages = {109},
  issn = {1471-2288},
  doi = {10.1186/s12874-021-01282-1},
  urldate = {2025-01-02}
}

@book{frankVariabilityConsistencyEarly2021,
  title = {Variability and {{Consistency}} in {{Early Language Learning}}: {{The Wordbank Project}}},
  shorttitle = {Variability and {{Consistency}} in {{Early Language Learning}}},
  author = {Frank, Michael C. and Braginsky, Mika and Yurovsky, Daniel and Marchman, Virginia A.},
  year = {2021},
  month = mar,
  publisher = {MIT Press},
  address = {Cambridge, MA, USA},
  isbn = {978-0-262-04510-0},
  langid = {english}
}

@article{frankWordbankOpenRepository2017,
  title = {Wordbank: An Open Repository for Developmental Vocabulary Data},
  shorttitle = {Wordbank},
  author = {Frank, Michael C. and Braginsky, Mika and Yurovsky, Daniel and Marchman, Virginia A.},
  year = {2017},
  month = may,
  journal = {Journal of Child Language},
  volume = {44},
  number = {3},
  pages = {677--694},
  publisher = {Cambridge University Press},
  issn = {0305-0009, 1469-7602},
  doi = {10.1017/S0305000916000209},
  urldate = {2022-05-14},
  langid = {english}
}

@book{marchmanMacArthurBatesCommunicativeDevelopment2023,
  title = {{{MacArthur-Bates Communicative Development Inventories User}}'s {{Guide}} and {{Technical Manual}}},
  author = {Marchman, Virginia A. and Dale, Philip and Fenson, Larry},
  year = {2023},
  month = mar,
  edition = {3rd edition},
  publisher = {Brookes Publishing Co.},
  isbn = {978-1-68125-707-5},
  langid = {english}
}

@article{mayorStatisticalEstimateInfant2011,
  title = {A Statistical Estimate of Infant and Toddler Vocabulary Size from {{CDI}} Analysis},
  author = {Mayor, Julien and Plunkett, Kim},
  year = {2011},
  month = jul,
  journal = {Developmental Science},
  volume = {14},
  number = {4},
  pages = {769--785},
  issn = {1467-7687},
  doi = {10.1111/j.1467-7687.2010.01024.x},
  langid = {english},
  pmid = {21676097}
}

@article{rassenSimultaneouslyAssessingIntended2011,
  title = {Simultaneously Assessing Intended and Unintended Treatment Effects of Multiple Treatment Options: A Pragmatic ``Matrix Design''},
  shorttitle = {Simultaneously Assessing Intended and Unintended Treatment Effects of Multiple Treatment Options},
  author = {Rassen, Jeremy A. and Solomon, Daniel H. and Glynn, Robert J. and Schneeweiss, Sebastian},
  year = {2011},
  journal = {Pharmacoepidemiology and Drug Safety},
  volume = {20},
  number = {7},
  pages = {675--683},
  issn = {1099-1557},
  doi = {10.1002/pds.2121},
  urldate = {2025-01-02},
  copyright = {Copyright {\copyright} 2011 John Wiley \& Sons, Ltd.},
  langid = {english}
}

@article{siowDoubleItVocabulary2023,
  title = {Double It up: {{Vocabulary}} Size Comparisons between {{UK}} Bilingual and Monolingual Toddlers},
  shorttitle = {Double It Up},
  author = {Siow, Serene and Gillen, Nicola A. and Lep{\u a}datu, Irina and Plunkett, Kim},
  year = {2023},
  journal = {Infancy},
  volume = {28},
  number = {6},
  pages = {1030--1051},
  issn = {1532-7078},
  doi = {10.1111/infa.12562},
  urldate = {2023-12-31},
  copyright = {{\copyright} 2023 The Authors. Infancy published by Wiley Periodicals LLC on behalf of International Congress of Infant Studies.},
  langid = {english}
}

@article{barnesVocabularyGrowthComposition2013,
  title = {Vocabulary Growth and Composition in Monolingual and Bilingual {{Basque}} Infants and Toddlers},
  author = {Barnes, Julia and Garcia, I{\~n}aki},
  year = {2013},
  month = jun,
  journal = {International Journal of Bilingualism},
  volume = {17},
  number = {3},
  pages = {357--374},
  publisher = {SAGE Publications Ltd},
  issn = {1367-0069},
  doi = {10.1177/1367006912438992},
  urldate = {2025-01-09},
  langid = {english}
}

@article{casillasLittleEvidenceNoun2024,
  title = {Little Evidence for a Noun Bias in {{Tseltal}} Spontaneous Speech},
  author = {Casillas, Marisa and Foushee, Ruthe and M{\'e}ndez Gir{\'o}n, Juan and Polian, Gilles and Brown, Penelope},
  year = {2024},
  month = dec,
  journal = {First Language},
  volume = {44},
  number = {6},
  pages = {600--628},
  publisher = {SAGE Publications Ltd},
  issn = {0142-7237},
  doi = {10.1177/01427237231216571},
  urldate = {2025-01-09},
  langid = {english}
}

@article{chanPredictingTwoMandarinEnglish2010,
  title = {Predicting Two {{Mandarin-English}} Bilingual Children's First 50 Words: {{Effects}} of Frequency and Relative Exposure in the Input},
  shorttitle = {Predicting Two {{Mandarin-English}} Bilingual Children's First 50 Words},
  author = {Chan, Wai Han and Nicoladis, Elena},
  year = {2010},
  month = jun,
  journal = {International Journal of Bilingualism},
  volume = {14},
  number = {2},
  pages = {237--270},
  publisher = {SAGE Publications Ltd},
  issn = {1367-0069},
  doi = {10.1177/1367006910363059},
  urldate = {2025-01-09},
  langid = {english}
}

@article{leveyFirstWordsProduced2003,
  title = {The {{First Words Produced}} by {{Children}} in {{Bilingual English}}/{{Mandarin Chinese Environments}}},
  author = {Levey, Sandra and Cruz, Denise},
  year = {2003},
  month = jun,
  journal = {Communication Disorders Quarterly},
  volume = {24},
  number = {3},
  pages = {129--136},
  publisher = {SAGE Publications Inc},
  issn = {1525-7401},
  doi = {10.1177/15257401030240030401},
  urldate = {2025-01-10},
  langid = {english}
}

@article{lucasExploringNounBias2008,
  title = {Exploring {{Noun Bias}} in {{Filipino}}---{{English Bilingual Children}}},
  author = {Lucas, Rochelle Irene G. and Bernardo, Allan B.I.},
  year = {2008},
  month = jun,
  journal = {The Journal of Genetic Psychology},
  volume = {169},
  number = {2},
  pages = {149--164},
  publisher = {Routledge},
  issn = {0022-1325},
  doi = {10.3200/GNTP.169.2.149-164},
  urldate = {2025-01-09},
  pmid = {18578298}
}

@article{ozcanEarlyLexicalComposition2016,
  title = {Early Lexical Composition of {{Turkish-Dutch}} Bilinguals: {{Nouns}} before Verbs or Verbs before Nouns},
  shorttitle = {Early Lexical Composition of {{Turkish-Dutch}} Bilinguals},
  author = {{\"O}zcan, Fatma H{\"u}lya and Altinkami{\c s}, Feyza and Gillis, Steven},
  year = {2016},
  month = nov,
  journal = {Poznan Studies in Contemporary Linguistics},
  volume = {52},
  number = {4},
  pages = {583--604},
  publisher = {De Gruyter Mouton},
  issn = {1897-7499},
  doi = {10.1515/psicl-2016-0023},
  urldate = {2025-01-09},
  copyright = {De Gruyter expressly reserves the right to use all content for commercial text and data mining within the meaning of Section 44b of the German Copyright Act.},
  langid = {english}
}

@article{xinNounVerbBias2010,
  title = {Noun versus {{Verb Bias}} in {{Mandarin- English Bilingual Pre-School Children}}},
  author = {Xin, Junfeng and Lucas, Rochelle Irene G},
  year = {2010},
  journal = {TESOL Journal},
  volume = {3},
  langid = {english}
}

@article{bornsteinCrossLinguisticAnalysisVocabulary2004,
  title = {Cross-{{Linguistic Analysis}} of {{Vocabulary}} in {{Young Children}}: {{Spanish}}, {{Dutch}}, {{French}}, {{Hebrew}}, {{Italian}}, {{Korean}}, and {{American English}}},
  shorttitle = {Cross-{{Linguistic Analysis}} of {{Vocabulary}} in {{Young Children}}},
  author = {Bornstein, Marc H. and Cote, Linda R. and Maital, Sharone and Painter, Kathleen and Park, Sung-Yun and Pascual, Liliana and P{\^e}cheux, Marie-Germaine and Ruel, Josette and Venuti, Paola and Vyt, Andre},
  year = {2004},
  journal = {Child Development},
  volume = {75},
  number = {4},
  pages = {1115--1139},
  issn = {1467-8624},
  doi = {10.1111/j.1467-8624.2004.00729.x},
  urldate = {2025-01-10},
  langid = {english}
}

@incollection{lavinEastWestRole2006,
  title = {East and {{West}}: {{A Role}} for {{Culture}} in the {{Acquisition}} of {{Nouns}} and {{Verbs}}},
  shorttitle = {East and {{West}}},
  booktitle = {Action {{Meets Word}}: {{How}} Children Learn Verbs},
  author = {Lavin, Tracy A. and Hall, D. Geoffrey and Waxman, Sandra R.},
  editor = {{Hirsh-Pasek}, Kathryn A. and Golinkoff, Roberta M.},
  year = {2006},
  month = apr,
  pages = {0},
  publisher = {Oxford University Press},
  doi = {10.1093/acprof:oso/9780195170009.003.0021},
  urldate = {2025-01-10},
  isbn = {978-0-19-517000-9}
}

@article{waxmanHowEarlyInfants2016,
  title = {How {{Early}} Is {{Infants}}' {{Attention}} to {{Objects}} and {{Actions Shaped}} by {{Culture}}? {{New Evidence}} from 24-{{Month-Olds Raised}} in the {{US}} and {{China}}},
  shorttitle = {How {{Early}} Is {{Infants}}' {{Attention}} to {{Objects}} and {{Actions Shaped}} by {{Culture}}?},
  author = {Waxman, Sandra R. and Fu, Xiaolan and Ferguson, Brock and Geraghty, Kathleen and Leddon, Erin and Liang, Jing and Zhao, Min-Fang},
  year = {2016},
  month = feb,
  journal = {Frontiers in Psychology},
  volume = {7},
  publisher = {Frontiers},
  issn = {1664-1078},
  doi = {10.3389/fpsyg.2016.00097},
  urldate = {2025-01-10},
  langid = {english}
}

@article{klammlerSizeCompositionProductive2011,
  title = {The Size and Composition of the Productive Holophrastic Lexicon: {{German}}--{{Italian}} Bilingual Acquisition vs. {{Italian}} Monolingual Acquisition},
  shorttitle = {The Size and Composition of the Productive Holophrastic Lexicon},
  author = {Klammler, Astrid and Schneider, Stefan},
  year = {2011},
  month = jan,
  journal = {International Journal of Bilingual Education and Bilingualism},
  volume = {14},
  number = {1},
  pages = {69--88},
  publisher = {Routledge},
  issn = {1367-0050},
  doi = {10.1080/13670051003692840},
  urldate = {2025-01-10}
}

@incollection{nicoladisEvidenceBilingualChild2001,
  title = {Evidence from a Bilingual Child: {{Finding}} First Words in the Input},
  shorttitle = {Evidence from a Bilingual Child},
  booktitle = {Trends in {{Bilingual Acquisition}}},
  author = {Nicoladis, Elena},
  editor = {Cenoz, Jasone and Genesee, Fred},
  year = {2001},
  month = nov,
  series = {Trends in {{Language Acquisition Research}}},
  pages = {131--147},
  publisher = {John Benjamins Publishing Company},
  doi = {10.1075/tilar.1.08nic},
  urldate = {2025-01-10},
  isbn = {978-90-272-3471-1 978-1-58811-099-2 978-90-272-9481-4},
  langid = {english}
}

@article{tanRoleTranslationEquivalents2024,
  title = {The Role of Translation Equivalents in Bilingual Word Learning},
  author = {Tan, Alvin W. M. and Marchman, Virginia A. and Frank, Michael C.},
  year = {2024},
  journal = {Developmental Science},
  volume = {27},
  number = {4},
  pages = {e13476},
  issn = {1467-7687},
  doi = {10.1111/desc.13476},
  urldate = {2024-12-22},
  copyright = {{\copyright} 2024 John Wiley \& Sons Ltd.},
  langid = {english}
}

@article{tsuiAreTranslationEquivalents2022,
  title = {Are Translation Equivalents Special? {{Evidence}} from Simulations and Empirical Data from Bilingual Infants},
  shorttitle = {Are Translation Equivalents Special?},
  author = {Tsui, Rachel Ka-Ying and {Gonzalez-Barrero}, Ana Maria and Schott, Esther and {Byers-Heinlein}, Krista},
  year = {2022},
  month = apr,
  journal = {Cognition},
  volume = {225},
  pages = {105084},
  issn = {1873-7838},
  doi = {10.1016/j.cognition.2022.105084},
  langid = {english},
  pmid = {35430556}
}

@article{batesDevelopmentalStylisticVariation1994,
  title = {Developmental and Stylistic Variation in the Composition of Early Vocabulary},
  author = {Bates, E. and Marchman, V. and Thal, D. and Fenson, L. and Dale, P. and Reznick, J. S. and Reilly, J. and Hartung, J.},
  year = {1994},
  month = feb,
  journal = {Journal of Child Language},
  volume = {21},
  number = {1},
  pages = {85--123},
  issn = {0305-0009},
  doi = {10.1017/s0305000900008680},
  langid = {english},
  pmid = {8006096}
}

@article{kiddHowDiverseChild2022,
  title = {How Diverse Is Child Language Acquisition Research?},
  author = {Kidd, Evan and Garcia, Rowena},
  year = {2022},
  month = dec,
  journal = {First Language},
  volume = {42},
  number = {6},
  pages = {703--735},
  publisher = {SAGE Publications Ltd},
  issn = {0142-7237},
  doi = {10.1177/01427237211066405},
  urldate = {2023-12-27},
  langid = {english}
}

@article{titoneRethinkingMultilingualExperience2023,
  title = {Rethinking Multilingual Experience through a {{Systems Framework}} of {{Bilingualism}}},
  author = {Titone, Debra A. and Tiv, Mehrgol},
  year = {2023},
  month = jan,
  journal = {Bilingualism: Language and Cognition},
  volume = {26},
  number = {1},
  pages = {1--16},
  issn = {1366-7289, 1469-1841},
  doi = {10.1017/S1366728921001127},
  urldate = {2025-01-12},
  langid = {english}
}

